<collection xmlns="http://www.loc.gov/MARC21/slim"><record><leader>00954nam  2200265   450</leader><controlfield tag="001">616</controlfield><controlfield tag="003">http://montalegre.opacnet.com/OPAC/default.aspx?ContentAreaControl=ShowRegHoldings.ascx&amp;RegNo=16662</controlfield><controlfield tag="005">20</controlfield><datafield tag="021" ind1=" " ind2=" "><subfield code="a">PT</subfield><subfield code="b">14.196/86</subfield></datafield><datafield tag="100" ind1=" " ind2=" "><subfield code="a">20061013d19711986|||y0pory010305  ba</subfield></datafield><datafield tag="101" ind1="0" ind2=" "><subfield code="a">por</subfield></datafield><datafield tag="102" ind1=" " ind2=" "><subfield code="a">PT</subfield></datafield><datafield tag="200" ind1="1" ind2=" "><subfield code="a">&lt;O &gt;Sol e os meninos dos pés frios</subfield><subfield code="f">Matilde Rosa Araújo</subfield></datafield><datafield tag="205" ind1=" " ind2=" "><subfield code="a">7ª ed</subfield></datafield><datafield tag="210" ind1=" " ind2=" "><subfield code="c">Horizonte</subfield><subfield code="d">1986</subfield></datafield><datafield tag="215" ind1=" " ind2=" "><subfield code="a">91 p.</subfield><subfield code="d">23cm</subfield></datafield><datafield tag="608" ind1=" " ind2=" "><subfield code="a">Conto</subfield><subfield code="2">Autoridade</subfield><subfield code="3">PT9999-00-10-2009040123590005380</subfield></datafield><datafield tag="608" ind1=" " ind2=" "><subfield code="a">Literatura infantil e juvenil</subfield><subfield code="2">Autoridade</subfield><subfield code="3">PT9999-00-10-2009040123590005446</subfield></datafield><datafield tag="608" ind1=" " ind2=" "><subfield code="a">Publicações para crianças e jovens</subfield><subfield code="2">Autoridade</subfield><subfield code="3">PT-----------2012021614460005594</subfield></datafield><datafield tag="675" ind1=" " ind2=" "><subfield code="a">821.134.3-34</subfield></datafield><datafield tag="675" ind1=" " ind2=" "><subfield code="a">087.5</subfield></datafield><datafield tag="700" ind1=" " ind2="1"><subfield code="a">Araújo</subfield><subfield code="b">Matilde Rosa</subfield><subfield code="f">1921-</subfield></datafield><datafield tag="801" ind1=" " ind2="0"><subfield code="a">PT</subfield><subfield code="b">Biblioteca Municipal de Montalegre</subfield><subfield code="g">RPC</subfield></datafield><datafield tag="856" ind1=" " ind2=" "><subfield code="u">locateMedia.asp?cod=20060522161613&amp;ext=jpg</subfield><subfield code="z">CAPA</subfield></datafield><datafield tag="909" ind1="&#9;" ind2=" "><subfield code="a">2</subfield></datafield><datafield tag="966" ind1=" " ind2=" "><subfield code="a">0001654</subfield><subfield code="l">BMM</subfield><subfield code="s">SJ 821.134.3 ARA sol</subfield></datafield><datafield tag="966" ind1=" " ind2=" "><subfield code="a">0001656</subfield><subfield code="l">BMM</subfield><subfield code="s">SJ 821.134.3-34 ARA sol</subfield></datafield></record></collection>